<?xml version="1.0" encoding="UTF-8"?><collection xmlns="http://www.loc.gov/MARC21/slim"><record><leader>00503nam--2200145-i-4500</leader><controlfield tag="001">000013338</controlfield><controlfield tag="002">20161230</controlfield><controlfield tag="005">20170306230408</controlfield><controlfield tag="008">060222s1000------------r-----000-0-eng-d</controlfield><datafield ind1=" " ind2=" " tag="100"><subfield code="a">Canteloup, Jean</subfield></datafield><datafield ind1=" " ind2=" " tag="245"><subfield code="a">Contribution a l etude d un reacteurs chimique a plasma inductif, application a l elaboration de poudres ultrafines et tres pures de silice dopee a l alumine</subfield><subfield code="b">these</subfield></datafield><datafield ind1=" " ind2=" " tag="260"><subfield code="a">Paris</subfield><subfield code="b">Universite</subfield><subfield code="c">1979</subfield></datafield><datafield ind1=" " ind2=" " tag="300"><subfield code="a">125 p</subfield></datafield><datafield ind1=" " ind2=" " tag="852"><subfield code="a">621.762:621.039.554(043)</subfield></datafield><datafield ind1=" " ind2=" " tag="CAT"><subfield code="a">SYS</subfield><subfield code="c">20170306</subfield><subfield code="h">230408</subfield></datafield></record></collection>